%% article
@article{Descoteaux:MRM:2007,
author = {Maxime Descoteaux and Elaine Angelino and Shaun Fitzgibbons and Rachid Deriche},
title = {Regularized, fast, and robust analytical Q-ball imaging},
language = {},
journal = {Magnetic Resonance in Medicine},
volume = {58},
number = {3},
pages = {497-510},
month = {09},
year = {2007},
note = {},
url = {},
}

@article{Legarreta:MIA:2021,
author = {Jon Haitz Legarreta and Laurent Petit and Fran\c{c}ois Rheault and Guillaume Theaud and Carl Lemaire and Maxime Descoteaux and Pierre-Marc Jodoin},
title = {Filtering in tractography using autoencoders ({FINTA})},
language = {},
journal = {Medical Image Analysis},
volume = {72},
number = {},
pages = {102126},
month = {08},
year = {2021},
note = {},
url = {}
}

@article{Maier-Hein:NatureComm:2017,
author = {Klaus Hermann Maier-Hein and Peter Florian Neher and Jean-Christophe Houde and Marc-Alexandre C\^{o}t\'{e} and Eleftherios Garyfallidis and Jidan Zhong and Maxime Chamberland and Fang-Cheng Yeh and Ying Chia Lin and Qing Ji and Wilburn E. Reddick and John O. Glass and David Qixiang Chen and Yuanjing Feng and Chengfeng Gao and Ye Wu and Jieyan Ma and He Renjie and Qiang Li and Carl-Fredrik Westin and Samuel Deslauriers-Gauthier and J. Omar Ocegueda Gonz\'{a}lez and Michael Paquette and Samuel St-Jean and Gabriel Girard and Fran\c{c}ois M. Rheault and Jasmeen Sidhu and Chantal M. W. Tax and Fenghua Guo and Hamed Y. Mesri and Szabolcs D\'{a}vid and Martijn Froeling and Anneriet M. Heemskerk and Alexander Leemans and Arnaud Bor\'{e} and Basile Pinsard and Christophe Bedetti and Matthieu Desrosiers and Simona Brambati and Julien Doyon and Alessia Sarica and Roberta Vasta and Antonio Cerasa and Aldo Quattrone and Jason Yeatman and Ali R. Khan and Wesley Hodges and Simon Alexander and David Romascano and Muhamed Barakovi\'{c} and Anna Aur\'{i}a and {\'O}scar Esteban and Alia Lemkaddem and Jean-Philippe Thiran and Hasan Ertan Cetingul and Benjamin L. Odry and Boris Mailhe and Mariappan Nadar and Fabrizio Pizzagalli and Gautam Prasad and Julio E. Villal\'{o}n-Reina and Justin Galvis and Paul M. Thompson and Francisco De Santiago Requejo and Pedro Luque Laguna and Luis Miguel Lacerda and Rachel Barrett and Flavio Dell{\textquoteright}Acqua and Marco Catani and Laurent Petit and Emmanuel Caruyer and Alessandro Daducci and Tim B. Dyrby and Tim Holland-Letz and Claus C. Hilgetag and Bram Stieltjes and Maxime Descoteaux},
title = {The challenge of mapping the human connectome based on diffusion tractography},
language = {},
journal = {Nature Communications},
volume = {8},
number = {1349},
pages = {1-13},
month = {11},
year = {2017},
note = {},
url = {},
}
